@misc{iisinfo,
author = {网民},
date = {最后连接于2019年06月20日17:22:49},
title = {iis（互联网信息服务）},
howpublished={\url{https://baike.baidu.com/item/iis/99720?fr=aladdin}},
}
@misc{startosinfo,
	author = {瓦力网络},
	date = {最后连接于2019年06月20日17:25:17},
	title = {开源操作系统,linux系统--起点操作系统(StartOS)官方网站},
	howpublished={\url{http://www.startos.org/}},
}
@misc{ukinfo,
	author = {Ubuntu Kylin},
	date = {最后连接于2019年06月20日17:25:54},
	title = {优麒麟简介},
	howpublished={\url{http://www.ubuntukylin.com/about/show.php?lang=cn&id=19}},
}
@misc{deepininfo,
	author = {深度社区},
	date = {最后连接于2019年06月20日17:26:25},
	title = {深度操作系统 V15.10——安全稳定 精细入微},
	howpublished={\url{https://www.deepin.org/2019/04/28/deepin15-10/}},
}
@misc{gnum,
author = {Richard Stallman , GNU CTT},
date = {最后连接于2019年06月20日17:26:58},
title = {GNU宣言},
howpublished = {\url{http://www.gnu.org/gnu/manifesto.zh-cn.html}} ,
}
@manual{intro1,
	author = {Andries Brouwer},
	title = {Linux User's Manual 01},
	date = {2002},
}
@misc{rflinux,
	author = {网民},
	title = {红旗Linux},
	date = {最后连接于2019年06月20日17:27:35},
	howpublished = {\url {https://baike.baidu.com/item/%E7%BA%A2%E6%97%97Linux/272610?fr=aladdin#1}},
}
@misc{ln,
	author = {C语言中文网},
	title = {Linux ln命令：在文件之间建立链接（硬链接和软链接）详解版},
	date = {最后连接于2019年06月20日17:28:32},
	howpublished = {\url{http://c.biancheng.net/view/740.html}},
}

@manual{DebianRef,
	author = {青木修},
	title = {Debian参考手册},
	date = {2018-07-01},
}
@manual{manmnt,
	author = {Karel Zak},
	title = {Manual page mount},
	date = {August 2015},
}
@manual{manman,
	author = {Colin Watson},
	title = {Manual Page Man},
	date = { 2018-04-05  },
}
@manual{manrm,
	author = {Paul Rubin，David MacKenzie，Richard M. Stallman，Jim Meyering},
	title = {Manual Page rm},
	date = { Thu, 04 Oct 2018 23:50:13},
}
@manual{manAPT,
	author = {APT team},
	title = {Manual Page APT},
	date = { 20 October 2015   },
}
@manual{mandpkg,
	author = {Guillem Jover},
	title = {Manual Page DPKG},
	date = {2018-10-04 },
}
@manual{manaptget,
	author = {Jason Gunthorpe,  APT Team},
	title = {Manual Page APT-Get},
	date = {20 August 2018},
}
@manual{manaptcd,
	author = {Jason Gunthorpe, APT Team},
	title = {Manial Page APT-COROM},
	date = {30 November 2013 },
}
@manual{manaptmark,
	author = {Mike O'Connor, APT Team},
	title = {Manial Page APT-Mark},
	date = {25 September 2015},
}
@manual{mansources,
	author = {Jason Gunthorpe, APT Team},
	title = {Manial Page sources.list},
	date = {20 August 2018},
}
@manual{mancs,
	author = {Tomasz Kojm , Kevin Lin},
	title = {Manual Page Clamscan},
	date = {December 4, 2013},
}
@manual{mancf,
	author = {Tomasz Kojm , Kevin Lin},
	title = {Manual Page freshclam},
	date = {December 4, 2013},
}

@manual{manls,
	author = {Richard M. Stallman,David MacKenzie},
	title = {Manual Page ls},
	date = {January 2018 },
}
